@misc{acro,
    author = "{Niederberger, Clemens}",
    title = "Acro package bitbucket repository",
    howpublished = "\url{https://bitbucket.org/cgnieder/acro}",
    note = "[Online; accessed 7-August-2019]"
}